@article{ab58,
  author={Blumlein, Alan Dower},
  year={1958},
  title={British Patent Specification 394,325},
  journal={JAES, vol. 6, no. 2, p.91}
}

@book{curtis1996computer,
  title	= {The computer music tutorial},
  author = {Curtis ROADS},
  year = {1996},
  publisher	= {The MIT press}
}
